@inproceedings{roe17,
  author = {John Roe and Jane Doe},
  title = {{The Frobnicatable Foo Filter and its Applications}},
  booktitle = {Proc. Conference on Frobnication},
  year = {2017}
}

@article{smith14,
  author = {John Smith},
  title = {{Frobnication Tutorial}},
  journal = {Journal of Theoretical Foo Filters},
  volume = {12},
  number = {4},
  pages = {23--42},
  year = {2014}
}

@inproceedings{everyman14,
  author = {Richard Everyman and Mary Major and Joe Bloggs and Jane Roe},
  title = {{Can a Machine Frobnicate?}},
  booktitle = {Proc. International Foo Filter Symposium},
  year = {2014}
}

@article{dijkstra59,
  author = {Dijkstra, Edsger Wybe},
  title = {A note on two problems in connexion with graphs},
  journal = {Numerische Mathematik},
  volume = {1},
  pages = {269--271},
  year = {1959}
}

@article{lowe04,
  author = {Lowe, David G.},
  title = {Distinctive image features from scale-invariant keypoints},
  journal = {International Journal of Computer Vision (IJCV)},
  year = {2004},
  volume = {60},
  number = {2},
  pages = {91--110}
}

@book{book:Lebrun11,
  author = {Jean-Luc Lebrun},
  title = {Scientific Writing 2.0: A Reader and Writer's Guide},
  publisher = {World Scientific Publishing Company},
  edition = {Expanded},
  year = 2011,
}

@book{book:Wallwork16,
  author = {Adrian Wallwork}, 
  title = {English for Academic Research: Grammar, Usage and Style},
  publisher = {Springer},
  note = {Corrected 2nd printing}, 
  edition = {1\textsuperscript{st}},
  year = 2015,
}


@book{book:Vivaldi14,
  author = {Franco Vivaldi}, 
  title = {Mathematical Writing},
  publisher = {Springer},
  year = 2014,
}


@book{book:Waddingham14,
  editors = {Anne Waddingham et al.}, 
  title = {New Hart's Rules: The Oxford Style Guide},
  publisher = {Oxford University Press},
  year = 2014,
}


@book{book:Creme03,
  author = {Phillis Creme and Mary R. Lea}, 
  title = {Writing at University: A Guide for Students},
  publisher = {Open University Press},
  year = 2003,
}


@book{book:MLA09,
  title = {MLA Handbook for Writers of Research Papers},
  publisher = {The Modern Language Association of America},
  edition = {7\textsuperscript{th}},
  year = 2009,
}


@book{book:CMS17,
  title = {Chicago Manual of Style},
  publisher = {The University of Chicago Press},
  edition = {17\textsuperscript{th}},
  year = 2017,
}

@book{book:knuth86,
  author = {Knuth, Donald Ervin},
  title = {{The \TeX book}},
  publisher = {Addison-Wesley Professional},
  edition = {1\textsuperscript{st}},
  year = {1986}
}

@book{book:knuth89,
  author = {Knuth, Donald Ervin and Larrabee, Tracy and Roberts, Paul M.},
  title = {{Mathematical Writing}},
  publisher = {The Mathematical Assocation of America},
  year = {1989}
}

@article{mermin89,
  author = {Mermin, Nathaniel David},
  title = {{What's wrong with these equations?}},
  journal = {{Physics Today}},
  volume = {42},
  number = {10},
  pages = {9--11},
  year = {1989}
}

@book{book:penguin-grammar,
  author = {Trask, Robert Lawrence},
  title = {{The Penguin Dictionary of English Grammar}},
  publisher = {Penguin Books},
  edition = {1\textsuperscript{st}},
  year = {2000}
}

@book{book:penguin-punctuation,
  author = {Trask, Robert Lawrence},
  title = {{The Penguin Guide to Punctuation}},
  publisher = {Penguin Books},
  edition = {1\textsuperscript{st}},
  year = {1997}
}

@book{book:alley-writing,
  author = {Alley, Michael},
  title = {{The Craft of Scientific Writing}},
  edition = {4\textsuperscript{th}},
  publisher = {Springer},
  year = {2018}
}

@book{book:schwabish-presentations,
  author = {Schwabish, Jonathan},
  title = {{Better Presentations: A Guide for Scholars, Researchers, and Wonks}},
  edition = {1\textsuperscript{st}},
  publisher = {Columbia University Press},
  year = {2016}
}

