@inproceedings{possegger15,
  author = {Horst Possegger and Thomas Mauthner and Horst Bischof},
  title = {{In Defense of Color-based Model-free Tracking}},
  booktitle = {Proceedings of the IEEE/CVF Conference on Computer Vision and Pattern Recognition~(CVPR)},
  year = {2015}
}

@inproceedings{raja98a,
  author = {Raja, Yogesh and McKenna, Stephen J. and Gong, Shaogang},
  title = {{Tracking and Segmenting People in Varying Lighting Conditions using Colour}},
  booktitle = {Proceedings of the IEEE International Conference on Automatic Face and Gesture Recognition~(FG)},
  year = {1998}
}

@inproceedings{wang16a,
  author = {Lijun Wang and Wanli Ouyang and Xiaogang Wang and Huchuan Lu},
  title = {{STCT: Sequentially Training Convolutional Networks for Visual Tracking}},
  booktitle = {Proceedings of the IEEE/CVF Conference on Computer Vision and Pattern Recognition~(CVPR)},
  year = {2016}
}

@article{wang17a,
  author = {Lituan Wang and Lei Zhang and Zhang Yi},
  title = {{Trajectory Predictor by Using Recurrent Neural Networks in Visual Tracking}},
  journal = {IEEE Transactions on Cybernetics (TCYB)},
  volume = {47},
  number = {10},
  pages = {3172--3183},
  year = {2017}
}
